@article{anand_design_2018,
	title = {{Design} {methodology} {for} {supersonic} {radial} {vanes} {operating} {in} {non}-{ideal} {flow} {conditions}},
	author = {Anand, Nitish and Vitale, Salvatore and Pini, Matteo and Otero-Rodr√≠guez, Gustavo  J. and Pecnik, Rene},
	issn = {0742-4795},
	doi = {10.1115/1.4040182},
	volume = {141},
	number= {2},
	pages= {022601 (9 pages)},
	journal = {Journal of Engineering for Gas Turbines and Power},
	year = {2018}
}