@article{ParaBlade,
author = {R Agromayor and N Anand and J D Muller and M Pini and L O Nord},
title = {A unified geometry parametrization method for turbomachinery blades.},
journal = {Computer Aided Design},
volume = {133},
number = {102987},
year = {2021},
pages= {1--16}
}