@inproceedings{NitishGPPS,
title= {Assessment of {FFD} and {CAD}-based shape parametrization methods for adjoint-based turbomachinery shape optimization.},
author = {N Anand and S Vitale and M Pini and P Colonna},
booktitle= {Proceeding of Global Power and Propulsion Society, Montreal, Canada.},
year = {2018},
doi= {10.5281/zenodo.1344595}
}