@article{NitishEnergy,
title = "Design guidelines for supersonic stators operating with fluids made of complex molecules",
author = "Nitish Anand and Piero Colonna and Matteo Pini",
journal = "Energy",
pages = "117698 (9 pages)",
year = "2020",
volume= "203",
month= "July"
issn = "0360-5442",
doi = "https://doi.org/10.1016/j.energy.2020.117698",
url = "http://www.sciencedirect.com/science/article/pii/S0360544220308057"
}